001  0000040
005  20180822174139.861
008  170311s||||     bl|||||||||||||||||por|u
020    $a9788525412294
040    $aPorto Alegre$bpor
080    $2869.0(31)-1$a1997
090    $a869.0(81)-1$bS725b
100 0  $aSousa, João Cruz e$cUltimos sonetos$d1861-1898 $qJoão Cruz e Sousa
245 10 $aBroquéis$cJoão Cruz e Souza
260    $aPorto Alegre$bL&PM$c2011
300    $a96 p.
490 0  $aColeção L&MP POCKET$vv. 271
650    $aPoesia
650    $aLiteratura Poética
650    $aPoema
